% This file was created with JabRef 2.8.1.
% Encoding: UTF8

@INBOOK{Al-shakarchi2006,
  chapter = {DART: A Framework for Distributed Audio Analysis and Music Information
	Retrieval},
  title = {Intelligent Music Information Systems: Tools and Methodologies},
  publisher = {IGI Clobal},
  year = {2006},
  editor = {Jialie Shen, John Shepherd, Bin Cui and Ling Liu},
  author = {Eddie Al-shakarchi and Stephen David Beck and Ph. D}
}

@INPROCEEDINGS{Monteiro2011,
  author = {Adriano Monteiro and Jônatas Manzolli},
  title = {A framework for real-time instrumental sound segmentation and labeling},
  booktitle = {PureData Convetion},
  address = {Berlin},
  year = {2011}
}

@INPROCEEDINGS{Bogdanov2013,
   author = {Bogdanov, D. and Wack, N. and Gómez, E. and Gulati, S. and Herrera, P. and Mayor, O. and Roma, G. and Salamon, J. and Zapata,  J. and Serra, X.},
   title = {ESSENTIA: an Audio Analysis Library for Music Information Retrieval},
   booktitle = {International Society for Music Information Retrieval Conference (ISMIR'13)},
   pages = {493-498},
   address = {Curitiba, Brazil},
   year = {2013}
}

@INPROCEEDINGS{Bosma2006,
  author = {Martijn Bosma and Remco C. Veltkamp and Frans Wiering},
  title = {Muugle: A modular music information retrieval framework},
  booktitle = {In International Symposium on Music Information Retrieval},
  year = {2006}
}

@INCOLLECTION{Pinto2008,
  author = {Pinto, Alberto and Haus, Goffredo},
  title = {A Framework for Music Content Description and Retrieval},
  booktitle = {Research and Advanced Technology for Digital Libraries},
  publisher = {Springer Berlin Heidelberg},
  year = {2008},
  editor = {Christensen-Dalsgaard, Birte and Castelli, Donatella and Ammitzbøll
	Jurik, Bolette and Lippincott, Joan},
  volume = {5173},
  series = {Lecture Notes in Computer Science},
  pages = {440-443},
  doi = {10.1007/978-3-540-87599-4_58},
  isbn = {978-3-540-87598-7},
  url = {http://dx.doi.org/10.1007/978-3-540-87599-4_58}
}

@ARTICLE{Tzanetakis1999,
  author = {Tzanetakis, George and Cook, Perry},
  title = {MARSYAS: A Framework for Audio Analysis},
  journal = {Organized Sound},
  year = {1999},
  volume = {4},
  pages = {169--175},
  number = {3},
  month = dec,
  acmid = {972857},
  address = {New York, NY, USA},
  doi = {10.1017/S1355771800003071},
  issn = {1355-7718},
  issue_date = {December 1999},
  numpages = {7},
  publisher = {Cambridge University Press},
  url = {http://dx.doi.org/10.1017/S1355771800003071}
}

@comment{jabref-meta: selector_review:}

@comment{jabref-meta: selector_publisher:}

@comment{jabref-meta: selector_author:}

@comment{jabref-meta: selector_journal:}

@comment{jabref-meta: selector_keywords:}

