% This file was created with JabRef 2.8.1.
% Encoding: UTF8
@ARTICLE{Tavares2014b,
  author = {Tavares, T. F},
  title = {An interactive audio-visual installation using ubiquous hardware and web-based software deployment},
  journal = {Enviado ao Computer Music Journal},
  year = {2014}
}

@ARTICLE{Collares2014,
  author = {Collares, L. and Tavares, T. F. and
	Gooch, A. and Tzanetakis, G.},
  title = {Personalizing self-organizing music spaces with anchors: design and evaluation},
  journal = {Enviado ao ACM Transactions on Multimedia},
  year = {2014}
}



@ARTICLE{Simurra2014a,
  author = {Ivan Simurra AND Tiago Fernandes Tavares},
  title = {Computer-Assisted Analysis of Three Pieces by Lachenmanns},
  journal = {Enviado ao Journal of New Music Research},
  year = {2014},
}

@INPROCEEDINGS{Simurra2014,
  author = {Ivan Simurra AND Tiago Fernandes Tavares},
  title = {A Comprehensive Approach in Music and Audio Analysis: Similarities in Helmut Lachenmann’s Music Compositions},
  booktitle = {SysMus 2014: Seventh International Conference of Students of Systematic Musicology},
  month = {sep},
  year = {2014},
  owner = {tiagoft},
}

@INPROCEEDINGS{Partesotti2014,
  author = {Elena Partesotti AND Tiago Fernandes Tavares},
  title = {Color and emotion caused by auditory stimuli},
  booktitle = {Sound and Music Computing 2014},
  month = {sep},
  year = {2014},
  owner = {tiagoft},
}

@INPROCEEDINGS{Tavares2014a,
  author = {Tiago Fernandes Tavares AND Jônatas Manzoli},
  title = {Query-by-Multiple-Examples: Content-Based Search in Computer-Assisted Sound-Based Musical Composition},
  booktitle = {Sound and Music Computing 2014},
  month = {sep},
  year = {2014},
  owner = {tiagoft},
}

@INPROCEEDINGS{Paterniani2014,
  author = {Felipe Zagatto Paterniani AND Tiago Fernandes Tavares AND Romis Attux},
  title = {Sistema Físico Virtual Acoplado a Efeitos
Digitais para Guitarra Aumentada com Acelerômetro},
  booktitle = {12th Audio Engineering Conference AES-Brazil},
  month = {may},
  year = {2014},
  file = {:Artigos/2014-EADCA.pdf:PDF},
  owner = {tiagoft},
}

@INPROCEEDINGS{Tavares2014,
  author = {Tiago Fernandes Tavares},
  title = {MOTUS 3},
  booktitle = {Sétimo Encontro de Alunos e Docentes do Departamento de Computação
	e Automação Industrial da Unicamp},
  month = {may},
  year = {2014},
  file = {:Artigos/2014-EADCA.pdf:PDF},
  owner = {tiagoft},
}


@INPROCEEDINGS{Collares2013,
  author = {Collares, L. and Tavares, T. F. and Feliciano, J. and Gao, S and
	Tzanetakis, G. and Gooch, A.},
  title = {SoundAnchoring: Content-based Exploration of Music Collections with
	Anchored Self-Organized Maps},
  booktitle = {Sound and Music Computing (SMC 2013)},
  year = {2013},
  address = {Stockholm, Sweden},
  month = {July},
  file = {:Artigos/2013-SMC-Collares.pdf:PDF},
  owner = {tiagoft},
  timestamp = {2013.06.10}
}

@INPROCEEDINGS{Godlovitch2012,
  author = {Godlovitch, D. AND Tavares, T. F. AND Trail, S. AND Tzanetakis, G.},
  title = {Physical Modeling and Hybrid Synthesis for the Gyil African Xylophone},
  booktitle = {Sound and Music Computing (SMC 2012)},
  year = {2012},
  address = {Copenhagen, Denmark},
  month = {Jul},
  file = {:Artigos/2012-SMC-Dan.pdf:PDF},
  owner = {tiagoft},
  timestamp = {2013.06.10}
}

@INPROCEEDINGS{Schaub2013,
  author = {Schaub, S. and Simurra, I. and Tavares, T. F.},
  title = {Mixing Symbolic And Audio Data In Computer Assisted Music Analysis:
	A Case Study From J. Harvey’s Speakings (2008) For Orchestra And
	Live},
  booktitle = {Sound and Music Computing},
  year = {2013},
  address = {Stockholm, Sweden},
  month = {July},
  file = {:Artigos/2013-SMC-Schaub.pdf:PDF},
  owner = {tiagoft},
  timestamp = {2013.05.19}
}

@INPROCEEDINGS{Tavares2013b,
  author = {Schaub, S. AND Tavares, T. F. AND Monteiro, A.},
  title = {Interactive Free Improvisation Using Time-domain Extrapolation of
	Textural Features},
  booktitle = {Simpósio Brasileiro de Computação Musical},
  year = {2013},
  file = {:Artigos/2013-SBCM.pdf:PDF},
  owner = {tiagoft},
  timestamp = {2013.05.19}
}

@PHDTHESIS{Tavares2013f,
  author = {Tiago Fernandes Tavares},
  title = {Computational Models for Rhythm and Applications on Human-Machine
	Interaction},
  school = {School of Electrical and Computer Engineering},
  year = {2013},
  file = {:Artigos/2013-Phd-Tavares.pdf:PDF},
  owner = {tiagoft},
  timestamp = {2014.04.09}
}

@MASTERSTHESIS{Tavares2010,
  author = {Tavares, T. F.},
  title = {Transcrição automática do baixo em músicas populares com processamento
	de sinais baseado em predição linear},
  school = {University of Campinas},
  year = {2010},
  file = {:Artigos/2008-Msc-Tavares.pdf:PDF},
  owner = {tiagoft},
  timestamp = {2013.05.19}
}

@INPROCEEDINGS{Tavares2013,
  author = {Tavares, T. F. and Barbedo, J. G. A. and Attux, R. and Lopes, A.},
  title = {Unsupervised Training Of Detection Threshold For Polyphonic Musical
	Note Tracking Based On Event Periodicity},
  booktitle = {38th International Conference on Acoustics, Speech, and Signal Processing
	(ICASSP)},
  year = {2013},
  pages = {21-25},
  file = {:Artigos/2013-ICASSP.pdf:PDF},
  owner = {tiagoft},
  timestamp = {2013.05.19}
}

@ARTICLE{Tavares2013c,
  author = {Tavares, T. F. and Barbedo, J. G. A. and Attux, R. and Lopes, A.},
  title = {Survey on Automatic Transcription of Music},
  journal = {Journal of the Brazilian Computer Society},
  year = {2013},
  volume = {19},
  pages = {589-604},
  number = {4},
  file = {:Artigos/2013-JBCS.pdf:PDF},
  owner = {tiagoft},
  timestamp = {2013.05.19}
}

@INPROCEEDINGS{Tavares2011a,
  author = {Tiago Fernandes Tavares AND Jayme Garcia Arnal Barbedo AND Romis
	Attux AND Amauri Lopes},
  title = {Máquinas Capazes de Conhecer Automaticamente o Mundo},
  booktitle = {Quarto Encontro de Alunos e Docentes do Departamento de Computação
	e Automação Industrial da Unicamp},
  year = {2011},
  file = {:Artigos/2011-EADCA.pdf:PDF},
  owner = {tiagoft},
  timestamp = {2013.11.12}
}

@INPROCEEDINGS{Tavares2011b,
  author = {Tiago Fernandes Tavares AND Jayme Garcia Arnal Barbedo AND Romis
	Attux AND Amauri Lopes},
  title = {Estimação de Parciais em Sinais Acústicos Harmônicos},
  booktitle = {Primeiro Simpósio de Processamento de Sinais da Unicamp},
  year = {2011},
  file = {:Artigos/2011-SPS.pdf:PDF},
  owner = {tiagoft},
  timestamp = {2013.11.12}
}

@INPROCEEDINGS{Tavares2011,
  author = {Tiago Fernandes Tavares AND Jayme Garcia Arnal Barbedo AND Amauri
	Lopes},
  title = {Improving a Multiple Pitch Estimation Method With AR Models},
  booktitle = {Proceedings of the 42nd AES Conference on Semantic Audio},
  year = {2011},
  address = {Ilmenau, Germany},
  month = {Jul},
  file = {:Artigos/2011-AES.pdf:PDF},
  owner = {tiagoft},
  timestamp = {2013.11.12}
}

@INPROCEEDINGS{Tavares2009,
  author = {Tavares, T. F. and Barbedo, J. G. A. and Lopes, A.},
  title = {Performance Evaluation of Fundamental Frequency Estimation Algorithms},
  booktitle = {Proceedings of the International Workshop on Telecommunications},
  year = {2009},
  file = {:Artigos/2009-IWT.pdf:PDF},
  owner = {tiagoft},
  timestamp = {2013.06.10}
}

@INPROCEEDINGS{Tavares2008ccc,
  author = {Tavares, T. F. AND Barbedo, J. G. A. AND Lopes, A.},
  title = {Towards the Evaluation of Automatic Transcription of Music},
  booktitle = {Proceedings of the VI Congress on Audio Engineering},
  year = {2008},
  file = {:Artigos/2008-AESBR.pdf:PDF},
  owner = {tiagoft},
  timestamp = {2013.06.10}
}

@INPROCEEDINGS{Tavares2007,
  author = {Tavares, T. F. and Barbedo, J. G. A. and Lopes, A.},
  title = {Transcrição Automática de Sinais de Áudio Monofônico Baseada em Quadros
	de Tamanho Variável},
  booktitle = {Anais do V Congresso de Engenharia de Áudio},
  year = {2007},
  file = {:Artigos/2007-AESBR.pdf:PDF},
  owner = {tiagoft},
  timestamp = {2013.05.19}
}

@INPROCEEDINGS{Tavares2013d,
  author = {Tavares, T. F. AND Godoy, A.},
  title = {Sonification of population behavior in Particle Swarm Optimization},
  booktitle = {2013 Genetic and Evolutionary Computation Conference (GECCO 2013)},
  year = {2013},
  address = {Amsterdam, Netherlands},
  month = {Jul},
  file = {:Artigos/2013-GECCO.pdf:PDF},
  owner = {tiagoft},
  timestamp = {2013.06.10}
}

@INPROCEEDINGS{Tavares2013a,
  author = {Tavares, T. F. and Monteiro, A. and Barbedo, J. G. A. and Attux,
	R. and Lopes, A.},
  title = {Real-time event sequencing without a visual interface},
  booktitle = {Sound and Music Computing conference},
  year = {2013},
  address = {Stockholm, Sweden},
  month = {Jul},
  file = {:Artigos/2013-SMC.pdf:PDF},
  owner = {tiagoft},
  timestamp = {2013.05.19}
}

@INPROCEEDINGS{Tavares2012ccc,
  author = {Tavares, T. F. and Odowichuck, G. and Zehtabi, S. and Tzanetakis,
	G.},
  title = {Audio-visual vibraphone transcription in real time},
  booktitle = {Multimedia Signal Processing (MMSP), 2012 IEEE 14th International
	Workshop},
  year = {2012},
  address = {Banff, Alberta, Canada},
  month = {Oct},
  file = {:Artigos/2012-MMSP.pdf:PDF},
  owner = {tiagoft},
  timestamp = {2013.05.19}
}

@INPROCEEDINGS{Tavares2013e,
  author = {Tavares, T. F. AND Tzanetakis, G. AND Driessen, P.},
  title = {Factors in Factorization: Does better Audio Source Separation Imply
	Better Polyphonic Music Transcription?},
  booktitle = {IEEE International Workshop on Multimedia Signal Processing},
  year = {2013},
  address = {Pula, Sardinia, Italy
	
	Pula, Italy},
  file = {:Artigos/2013-MMSP.pdf:PDF},
  owner = {tiagoft},
  timestamp = {2013.06.10}
}

@INPROCEEDINGS{Trail2012,
  author = {Trail, S. and Dean, M. and Tavares, T. F. and Odowichuk, G. and Driessen,
	P. and Schloss, A. W. and Tzanetakis, G.},
  title = {Non-invasive sensing and gesture control for pitched percussion hyper-instruments
	using the Kinect},
  booktitle = {New Interfaces for Musical Expression - NIME 2012},
  year = {2012},
  address = {Ann Arbour, Michigan, U.S.A.},
  month = {May},
  file = {:Artigos/2012-NIME-Trail.pdf:PDF},
  owner = {tiagoft},
  timestamp = {2013.05.19}
}

@INPROCEEDINGS{Trail2012a,
  author = {Trail, S. and Tavares, T. F. and Godlovitch, D. and Tzanetakis, G.},
  title = {Direct and surrogate sensing for the Gyil african xylophone},
  booktitle = {New Interfaces for Musical Expression (NIME 2012)},
  year = {2012},
  address = {Ann Arbour, Michigan, U.S.A.},
  month = {May},
  file = {:Artigos/2012-NIME-Dan.pdf:PDF},
  owner = {tiagoft},
  timestamp = {2013.06.10}
}

@comment{jabref-meta: selector_review:}

@comment{jabref-meta: selector_publisher:}

@comment{jabref-meta: selector_author:}

@comment{jabref-meta: selector_journal:}

@comment{jabref-meta: selector_keywords:}

