% This file was created with JabRef 2.8.1.
% Encoding: UTF8

@INPROCEEDINGS{Bogdanov2011,
  author = {Bogdanov, D. and Haro, M. and Fuhrmann, F. and Xambo, A. and Gomez,
	E. and Herrera, P.},
  title = {A content-based system for music recommendation and visualization
	of user preferences working on semantic notions},
  booktitle = {Content-Based Multimedia Indexing (CBMI), 2011 9th International
	Workshop on},
  year = {2011},
  pages = {249-252},
  month = {June},
  doi = {10.1109/CBMI.2011.5972554},
  issn = {1949-3983},
  keywords = {multimedia computing;music;recommender systems;user interfaces;Canoris
	API;audio analysis;content-based preference elicitation;content-based
	system;digital music;music recommendation;popular online music service;raw
	audio information;semantic descriptor mapping;semantic music similarity
	measure;semantic notion;user musical preference visualization;Avatars;Data
	visualization;Mood;Music;Recommender systems;Semantics;Visualization}
}

@ARTICLE{Bogdanov2013,
  author = {Dmitry Bogdanov and Martín Haro and Ferdinand Fuhrmann and Anna Xambó
	and Emilia Gómez and Perfecto Herrera},
  title = {Semantic audio content-based music recommendation and visualization
	based on user preference examples },
  journal = {Information Processing \& Management },
  year = {2013},
  volume = {49},
  pages = {13 - 33},
  number = {1},
  doi = {http://dx.doi.org/10.1016/j.ipm.2012.06.004},
  issn = {0306-4573},
  keywords = {Music information retrieval},
  url = {http://www.sciencedirect.com/science/article/pii/S0306457312000763}
}

@INPROCEEDINGS{Cano2005,
  author = {Cano, Pedro and Koppenberger, Markus and Wack, Nicolas},
  title = {Content-based music audio recommendation},
  booktitle = {Proceedings of the 13th annual ACM international conference on Multimedia},
  year = {2005},
  pages = {211--212},
  organization = {ACM}
}

@INPROCEEDINGS{Dickerson2009,
  author = {Dickerson, Kyle B. and Ventura, Dan},
  title = {Music Recommendation and Query-by-content Using Self-organizing Maps},
  booktitle = {Proceedings of the 2009 International Joint Conference on Neural
	Networks},
  year = {2009},
  series = {IJCNN'09},
  pages = {2747--2752},
  address = {Piscataway, NJ, USA},
  publisher = {IEEE Press},
  acmid = {1704668},
  isbn = {978-1-4244-3549-4},
  location = {Atlanta, Georgia, USA},
  numpages = {6},
  owner = {tiagoft},
  timestamp = {2014.03.06},
  url = {http://dl.acm.org/citation.cfm?id=1704555.1704668}
}

@ARTICLE{Helen2010,
  author = {Hel{\'e}n, Marko and Virtanen, Tuomas},
  title = {Audio Query by Example Using Similarity Measures Between Probability
	Density Functions of Features},
  journal = {EURASIP J. Audio Speech Music Process.},
  year = {2010},
  volume = {2010},
  pages = {1:1--1:9},
  month = jan,
  acmid = {1863620},
  address = {New York, NY, United States},
  articleno = {1},
  doi = {10.1155/2010/179303},
  issn = {1687-4714},
  issue_date = {January 2010},
  numpages = {9},
  publisher = {Hindawi Publishing Corp.},
  url = {http://dx.doi.org/10.1155/2010/179303}
}

@ARTICLE{Herrera-Boyer2003,
  author = {Herrera-Boyer, Perfecto and Peeters, Geoffroy and Dubnov, Shlomo},
  title = {Automatic classification of musical instrument sounds},
  journal = {Journal of New Music Research},
  year = {2003},
  volume = {32},
  pages = {3--21},
  number = {1},
  publisher = {Taylor \& Francis}
}

@INPROCEEDINGS{Jensen2012,
  author = {Jensen, B.S. and Saez Gallego, J. and Larsen, J.},
  title = {A predictive model of music preference using pairwise comparisons},
  booktitle = {Acoustics, Speech and Signal Processing (ICASSP), 2012 IEEE International
	Conference on},
  year = {2012},
  pages = {1977-1980},
  month = {March},
  doi = {10.1109/ICASSP.2012.6288294},
  issn = {1520-6149},
  keywords = {Gaussian processes;audio signal processing;audio streaming;covariance
	analysis;music;prediction theory;recommender systems;Gaussian process;audio
	preference;collaborative filtering method;covariance function;degree
	music preference;multimedia system;music recommendation;pairwise
	comparison;pairwise music preference;predictive model;predictive
	performance evaluation;random prediction;robust querying;streaming
	service;Approximation methods;Collaboration;Gaussian processes;Kernel;Mathematical
	model;Predictive models;Training;Gaussian Process Priors;Kernel Methods;Music
	Preference;Recommendation}
}

@ARTICLE{Knees2013,
  author = {Knees, Peter and Schedl, Markus},
  title = {A Survey of Music Similarity and Recommendation from Music Context
	Data},
  journal = {ACM Trans. Multimedia Comput. Commun. Appl.},
  year = {2013},
  volume = {10},
  pages = {2:1--2:21},
  number = {1},
  month = dec,
  acmid = {2542206},
  address = {New York, NY, USA},
  articleno = {2},
  doi = {10.1145/2542205.2542206},
  issn = {1551-6857},
  issue_date = {December 2013},
  keywords = {Music information retrieval, music context, music recommendation,
	music similarity, survey},
  numpages = {21},
  publisher = {ACM},
  url = {http://doi.acm.org/10.1145/2542205.2542206}
}

@INPROCEEDINGS{Kodama2005,
  author = {Kodama, Y. and Gayama, S. and Suzuki, Y. and Odagawa, S. and Shioda,
	T. and Matsushita, F. and Tabata, T.},
  title = {A music recommendation system},
  booktitle = {Consumer Electronics, 2005. ICCE. 2005 Digest of Technical Papers.
	International Conference on},
  year = {2005},
  pages = {219-220},
  month = {Jan},
  doi = {10.1109/ICCE.2005.1429796},
  keywords = {audio databases;content-based retrieval;music;automatic music content
	analyses;bright music;exciting music;healing music;music recommendation
	system;quiet music;sad music;user preference learning;Data mining;Feature
	extraction;Frequency;Mood;Multiple signal classification;Navigation;Optimized
	production technology;Recommender systems;Signal processing;Solids}
}

@INPROCEEDINGS{Lancieri2008,
  author = {Lancieri, L. and Manguin, M. and Mangon, S.},
  title = {Evaluation of a recommendation system for musical contents},
  booktitle = {Multimedia and Expo, 2008 IEEE International Conference on},
  year = {2008},
  pages = {1213-1216},
  month = {June},
  doi = {10.1109/ICME.2008.4607659},
  keywords = {music;music recommendation systems;musical contents;performance-resources
	ratio;Recommender systems;Music;recommendation;signal}
}

@INPROCEEDINGS{Li2000,
  author = {Guohui Li and Khokhar, A.A.},
  title = {Content-based indexing and retrieval of audio data using wavelets},
  booktitle = {Multimedia and Expo, 2000. ICME 2000. 2000 IEEE International Conference
	on},
  year = {2000},
  volume = {2},
  pages = {885-888 vol.2},
  doi = {10.1109/ICME.2000.871501},
  keywords = {audio signal processing;content-based retrieval;indexing;wavelet transforms;audio
	clips;audio data;audio signal;content-based indexing;content-based
	retrieval;discrete wavelet transform;hierarchical indexing scheme;mean;multiresolution
	decomposition;standard deviation;statistical properties;zero-crossing
	rate;Content based retrieval;Discrete wavelet transforms;Indexing;Information
	retrieval;Music information retrieval;Prototypes;Signal resolution;Speech;Wavelet
	analysis;Wavelet coefficients}
}

@ARTICLE{Lu2003,
  author = {Lu, Lie and Zhang, Hong-Jiang and Li, Stan Z.},
  title = {Content-based audio classification and segmentation by using support
	vector machines},
  journal = {Multimedia Systems},
  year = {2003},
  volume = {8},
  pages = {482-492},
  number = {6},
  doi = {10.1007/s00530-002-0065-0},
  issn = {0942-4962},
  keywords = {Key words: Audio content analysis, audio classification and segmentation,
	support vector machines},
  language = {English},
  publisher = {Springer-Verlag},
  url = {http://dx.doi.org/10.1007/s00530-002-0065-0}
}

@INPROCEEDINGS{Moravec2005,
  author = {Moravec, O. and Stepanek, J.},
  title = {Verbal Descriptions of Musical Sound Timbre and Musician's Opinion
	of Their Usage},
  booktitle = {FORTSCHRITTE DER AKUSTIK},
  year = {2005},
  owner = {tiagoft},
  timestamp = {2013.12.12}
}

@INPROCEEDINGS{Nouno2009,
  author = {Gilbert Nouno and Arshia Cont and Gr\'{e}goire Carpentier and Johnatan
	Harvey},
  title = {Making An Orchestra Speak},
  booktitle = {Proceedings of the SMC 2009},
  year = {2009},
  owner = {tiagoft},
  timestamp = {2014.03.23}
}

@MASTERSTHESIS{Opie2003,
  author = {Timothy Tristram Opie},
  title = {Creation of a Real-Time Granular Synthesis Instrument for Live Performance},
  school = {Queensland University of Technology},
  year = {2003},
  owner = {tiagoft},
  timestamp = {2014.03.23}
}

@INPROCEEDINGS{Pauws2002,
  author = {Steffen Pauws},
  title = {PATS: Realization and user evaluation of an automatic playlist generator},
  booktitle = {Proceedings of the ISMIR},
  year = {2002},
  pages = {222--230},
  owner = {tiagoft},
  timestamp = {2014.03.06}
}

@INPROCEEDINGS{Platt2002,
  author = {Platt, John C. and Burges, Christopher J.C. and Swenson, Steven and
	Weare, Christopher and Zheng, Alice},
  title = {Learning a Gaussian Process Prior for Automatically Generating Music
	Playlists},
  booktitle = {Proc. Advances in Neural Information Processing Systems},
  year = {2002},
  volume = {14},
  pages = {1425-1432},
  added-at = {2010-01-28T11:42:45.000+0100},
  bdsk-url-1 = {http://research.microsoft.com/users/jplatt/autoDJ.pdf},
  biburl = {http://www.bibsonomy.org/bibtex/24bc8d76bb3ec82ddccaa909587ad5873/bfields},
  date-added = {2009-11-11 15:57:43 +0000},
  date-modified = {2009-11-11 15:57:43 +0000},
  description = {initial imports},
  interhash = {784b41c9d302460b92cd77eb02d3ad27},
  intrahash = {4bc8d76bb3ec82ddccaa909587ad5873},
  keywords = {imported},
  owner = {tiagoft},
  timestamp = {2010-01-28T11:42:45.000+0100}
}

@INPROCEEDINGS{Sarkar2007,
  author = {Sarkar, M. and Vercoe, B. and Yang, Y.},
  title = {Words that describe timbre: a study of auditory perception through
	language},
  booktitle = {Language and Music as Cognitive Systems Conference (LMCS-2007)},
  year = {2007},
  owner = {tiagoft},
  timestamp = {2013.12.12}
}

@INPROCEEDINGS{Schnitzer2011,
  author = {Dominik Schnitzer and Arthur Flexer and Markus Schedl and Gerhard
	Widmer},
  title = {Using Mutual Proximity To Improve Content-based Audio Similarity},
  booktitle = {Proceedings of the ISMIR},
  year = {2011}
}

@INPROCEEDINGS{Schwarz2005,
  author = {Diemo Schwarz},
  title = {Current Research In Concatenative Sound Synthesis},
  booktitle = {Proceedings of the ICMC 2005},
  year = {2005},
  owner = {tiagoft},
  timestamp = {2014.03.23}
}

@ARTICLE{Shao2009,
  author = {Bo Shao and Dingding Wang and Tao Li and Ogihara, M.},
  title = {Music Recommendation Based on Acoustic Features and User Access Patterns},
  journal = {Audio, Speech, and Language Processing, IEEE Transactions on},
  year = {2009},
  volume = {17},
  pages = {1602-1611},
  number = {8},
  month = {Nov},
  doi = {10.1109/TASL.2009.2020893},
  issn = {1558-7916},
  keywords = {Internet;acoustic signal processing;audio signal processing;content-based
	retrieval;graph theory;information filtering;information filters;music;Internet;acoustic
	feature;collaborative-filtering;content-based recommendation;dynamic
	audio similarity;dynamic music similarity measurement strategy;graph
	representation;music industry;music recommendation;user access pattern;Collaboration;Computer
	science;Feature extraction;History;Instruction sets;Internet;Music;Recommender
	systems;Rhythm;Timbre;Dynamic audio similarity;music recommendation;user
	access patterns}
}

@BOOK{Solomos2013,
  title = {De La Musique Au Son -- L'emergence du Son Dans la Musique des XXe-XXIe
	Siecles},
  publisher = {Presses Universitaires de Rennes},
  year = {2013},
  author = {Makis Solomos},
  owner = {tiagoft},
  timestamp = {2014.03.21}
}

@ARTICLE{Tzanetakis2002,
  author = {Tzanetakis, G. and Cook, P.},
  title = {Musical genre classification of audio signals},
  journal = {Speech and Audio Processing, IEEE Transactions on},
  year = {2002},
  volume = {10},
  pages = {293-302},
  number = {5},
  month = {Jul},
  doi = {10.1109/TSA.2002.800560},
  issn = {1063-6676},
  keywords = {audio signal processing;feature extraction;information retrieval;music;pattern
	recognition;signal classification;statistical analysis;World Wide
	Web;audio signals;automatic musical genre classification;content-based
	analysis;feature sets;genre hierarchies;harmonic content;human musical
	genre classification;instrumentation;music information retrieval
	systems;musical genre annotation;musical signals;pitch content;real-time
	frame-based classification;rhythmic content;rhythmic structure;statistical
	pattern recognition classifiers training;timbral texture;whole file
	classification;Computer science;Cultural differences;Feature extraction;Humans;Instruments;Multiple
	signal classification;Music information retrieval;Pattern recognition;Signal
	analysis;Wavelet analysis}
}

@comment{jabref-meta: selector_review:}

@comment{jabref-meta: selector_publisher:}

@comment{jabref-meta: selector_author:}

@comment{jabref-meta: selector_journal:}

@comment{jabref-meta: selector_keywords:}

